000054087 FMT   L BK
000054087 LDR   L ^^^^^cam^a2201369zi^4500
000054087 001   L 000054087
000054087 005   L 20151222195217.0
000054087 008   L 900810s1990^^^^fi^||||||||||o||||||fin||
000054087 015   L $$afx188512$$2skl
000054087 020   L $$a951-47-3208-1$$qnidottu
000054087 035   L $$a(FI-MELINDA)000054087
000054087 040   L $$aFI-NL
000054087 0410  L $$afin$$beng$$bswe$$bnor
000054087 042   L $$afinb
000054087 080   L $$a336.12$$x(480)
000054087 080   L $$a336.121
000054087 080   L $$a342.4
000054087 080   L $$a342.4$$x(480)
000054087 080   L $$a342$$9FENNI<KEEP>
000054087 080   L $$a336.1/.5
000054087 080   L $$a353/354$$9FENNI<KEEP>
000054087 080   L $$a336.12
000054087 080   L $$a336$$9FENNI<KEEP>
000054087 084   L $$aHo:2.1$$2z
000054087 084   L $$a33.041$$2ykl$$9FENNI<KEEP>
000054087 084   L $$a33.21$$2ykl$$9FENNI<KEEP>
000054087 084   L $$aHo:14.7$$2z
000054087 1101  L $$aPerustuslakien valtiontaloussäännösten uudistamiskomitea.
000054087 24510 L $$aPerustuslaki ja valtiontalous :$$bperustuslakien valtiontaloussäännösten uudistamiskomitean mietintö = Grundlagarna och statshushållningen : kommittén för revision av grundlagarnas stadganden om statshushållning.
000054087 260   L $$a[Helsinki] :$$bOikeusministeriö :$$bValtion painatuskeskus, jakaja,$$c1990.
000054087 300   L $$a236, [33] s. ;$$c25 cm +$$eliite ([214] s.)
000054087 336   L $$ateksti$$btxt$$2rdacontent
000054087 337   L $$akäytettävissä ilman laitetta$$bn$$2rdamedia
000054087 338   L $$anide$$bnc$$2rdacarrier
000054087 4901  L $$aKomiteanmietintö,$$x0356-9470 ;$$v1990,7
000054087 4901  L $$aKomiteanmietintö = Kommittébetänkande,$$x0356-9470 ;$$v1990, 7
000054087 4901  L $$aKomiteanmietintö;$$v1990, 7
000054087 500   L $$aLiite: Vertaileva selvitys perustuslakien valtiontaloussäännöksistä = Jämförande utredning angående grundlagarnas stadganden om statshusshållning$$9FENNI<KEEP>
000054087 500   L $$aLisäpainokset: 2. p. 1992.$$9FENNI<KEEP>
000054087 650 7 L $$avaltiontalous$$xlainsäädäntö$$2ysa
000054087 650 7 L $$atalousarviot$$2ysa
000054087 650 7 L $$alainsäädäntö$$2ysa$$9FENNI<KEEP>
000054087 650 7 L $$avaltion tulo- ja menoarviot$$2ysa$$9FENNI<KEEP>
000054087 650 7 L $$aperustuslait$$2ysa$$9FENNI<KEEP>
000054087 650 7 L $$avaltiontalous$$2ysa$$9FENNI<KEEP>
000054087 650 7 L $$avaltion tulo- ja menoarviot$$xlainsäädäntö$$2ysa
000054087 650 7 L $$askattelag$$2allars
000054087 650 7 L $$ariksdag$$2allars
000054087 650 7 L $$abudget$$xstatlig$$2allars
000054087 650 7 L $$astatsbudget$$2allars
000054087 650 7 L $$astatshushållning$$2allars
000054087 650 7 L $$agrundlagar$$2allars
000054087 650 7 L $$ariksdagsbehandling$$2allars
000054087 650 7 L $$aconstitutional law$$2cilla
000054087 650 7 L $$astate finance$$2cilla
000054087 650 7 L $$averolaki$$2eks
000054087 650 7 L $$alisätalousarvio$$2eks
000054087 650 7 L $$aEduskunta$$2eks
000054087 650 7 L $$avaltiontalous$$2eks
000054087 650 7 L $$ataloussuunnittelu$$2eks
000054087 650 7 L $$avaltion talousarviot$$2eks
000054087 650 7 L $$aeduskunta-aloitteet$$2eks
000054087 650 7 L $$alepäämään jättäminen$$2eks
000054087 650 7 L $$amäärärahat$$2eks
000054087 650 7 L $$averolait$$2eks
000054087 650 7 L $$aeduskuntakäsittely$$2eks
000054087 650 7 L $$aperustuslaki$$2eks
000054087 650 7 L $$abudjetti$$2eks
000054087 650 7 L $$atulo- ja menoarvio$$2eks
000054087 7400  L $$aVertaileva selvitys perustuslakien valtiontaloussäännöksistä.
000054087 7400  L $$aGrundlagarna och statshushållningen.
000054087 7400  L $$aKommittén för revision av grundlagarnas stadganden om statshushållning.
000054087 830 0 L $$aKomiteanmietintö = Kommittébetänkande,$$x0356-9470 ;$$v1990, 7.
000054087 830 0 L $$aKomiteanmietintö,$$x0356-9470 ;$$v1990,7.
000054087 9101  L $$aKommittén för revision av grundlagarnas stadganden om statshushållning$$yPerustuslakien valtiontaloussäännösten uudistamiskomitea
