000055711 FMT   L BK
000055711 LDR   L 00000cam^a2200913zi^4500
000055711 001   L 000055711
000055711 005   L 20160908090434.0
000055711 008   L 910604s1990^^^^fi^|||||||||||||||||fin||
000055711 015   L $$afx218742$$2skl
000055711 020   L $$a951-47-3928-0$$qnidottu
000055711 035   L $$a(FI-MELINDA)000055711
000055711 040   L $$aFI-NL
000055711 0410  L $$afin$$beng
000055711 042   L $$afinb
000055711 080   L $$a628.52
000055711 080   L $$a662.96
000055711 080   L $$a36.11
000055711 080   L $$a502/504$$9FENNI<KEEP>
000055711 080   L $$a551.5$$9FENNI<KEEP>
000055711 080   L $$a620.9.003$$x(480)
000055711 080   L $$a620.9$$9FENNI<KEEP>
000055711 084   L $$a36.11$$2ykl$$9FENNI<KEEP>
000055711 1001  L $$aKarkkulainen, Petteri.
000055711 24510 L $$aEnergiankäytön tehostuminen ja päästöjen väheneminen Suomessa vuosina 1973-1988 /$$cLappeenrannan teknillinen korkeakoulu, energiatekniikan osasto.
000055711 260   L $$aHelsinki :$$bKauppa- ja teollisuusministeriö :$$bValtion painatuskeskus [jakaja],$$c1990.
000055711 300   L $$a77, [13] s. :$$bkuvitettu ;$$c25 cm
000055711 336   L $$ateksti$$btxt$$2rdacontent
000055711 337   L $$akäytettävissä ilman laitetta$$bn$$2rdamedia
000055711 338   L $$anide$$bnc$$2rdacarrier
000055711 4901  L $$aKauppa- ja teollisuusministeriö. [Energiaosasto]. Sarja B,$$x0356-9284 ;$$v78
000055711 500   L $$aLaatinut Petteri Karkkulainen.$$9FENNI<KEEP>
000055711 500   L $$aTutkimuksen vastuullinen johtaja: Lasse Koskelainen ; tutkija: Petteri Karkkulainen. Liittyy VTT:n koordinoimaan energiansäästöprojektiin.
000055711 520   L $$aAbstract: The more efficient use of energy and the decrease of emissions in Finland 1973-1988.$$9FENNI<KEEP>
000055711 520   L $$aTiivistelmä (1 s.). - Abstract (1 s.).
000055711 650 7 L $$apäästöt$$xrikkidioksidi$$2ysa
000055711 650 7 L $$ahiilidioksidi$$2ysa$$9FENNI<KEEP>
000055711 650 7 L $$apäästöt$$xhiilidioksidi$$2ysa
000055711 650 7 L $$aenergiankulutus$$xpäästöt$$2ysa
000055711 650 7 L $$aenergiankulutus$$2ysa$$9FENNI<KEEP>
000055711 650 7 L $$aenergiansäästö$$2ysa$$9FENNI<KEEP>
000055711 650 7 L $$apäästöt$$2ysa$$9FENNI<KEEP>
000055711 650 7 L $$arikkidioksidi$$2ysa$$9FENNI<KEEP>
000055711 650 7 L $$atypen oksidit$$2ysa$$9FENNI<KEEP>
000055711 650 7 L $$apäästöt$$xtypen oksidit$$2ysa
000055711 650 7 L $$aenergia$$2eks
000055711 650 7 L $$ailmansuojelu$$2eks
000055711 650 7 L $$apäästöt$$2eks
000055711 7102  L $$aLappeenrannan teknillinen korkeakoulu.$$bEnergiatekniikan osasto.
000055711 8102  L $$aKauppa- ja teollisuusministeriö. [Energiaosasto].$$nSarja B,$$x0356-9284;$$v78
